@misc{kavakli2022realisticdefocus,
    doi = {10.48550/ARXIV.2205.07030},
    url = {https://arxiv.org/abs/2205.07030},
    author = {Kavaklı, Koray and Itoh, Yuta and Urey, Hakan and Akşit, Kaan},
    keywords = {Computer Vision and Pattern Recognition (cs.CV), Graphics (cs.GR), FOS: Computer and information sciences, FOS: Computer and information sciences, I.3.3},
    title = {Realistic Defocus Blur for Multiplane Computer-Generated Holography},
    publisher = {arXiv},
    year = {2022},
    copyright = {Creative Commons Attribution Non Commercial No Derivatives 4.0 International}
}

@article{kingshott2022unrolled,
  title={Unrolled Primal-Dual Networks for Lensless Cameras},
  author={Kingshott, Oliver and Antipa, Nick and Bostan, Emrah and Ak{\c{s}}it, Kaan},
  journal={arXiv preprint arXiv:2203.04353},
  year={2022}
}

@misc{kingshott2022unrolled,
  doi = {10.48550/ARXIV.2203.04353},
  url = {https://arxiv.org/abs/2203.04353},
  author = {Kingshott, Oliver and Antipa, Nick and Bostan, Emrah and Akşit, Kaan},
  title = {Unrolled Primal-Dual Networks for Lensless Cameras},
  publisher = {arXiv},
  year = {2022},
  copyright = {Creative Commons Attribution 4.0 International}
}


@article{walton2021beyond,
  title={Beyond blur: Real-time ventral metamers for foveated rendering},
  author={Walton, David R and Dos Anjos, Rafael Kuffner and Friston, Sebastian and Swapp, David and Ak{\c{s}}it, Kaan and Steed, Anthony and Ritschel, Tobias},
  journal={ACM Transactions on Graphics},
  volume={40},
  number={4},
  pages={1--14},
  year={2021},
  publisher={Association for Computing Machinery (ACM)}
}

@article{kavakli2022learned,
  title={Learned holographic light transport},
  author={Kavakl{\i}, Koray and Urey, Hakan and Ak{\c{s}}it, Kaan},
  journal={Applied Optics},
  volume={61},
  number={5},
  pages={B50--B55},
  year={2022},
  publisher={Optical Society of America}
}

@inproceedings{walton2021metameric,
  title={Metameric Varifocal Holography},
  author={Walton, David R and Kavakl{\i}, Koray and Anjos, Rafael Kuffner dos and Swapp, David and Weyrich, Tim and Urey, Hakan and Steed, Anthony and Ritschel, Tobias and Ak{\c{s}}it, Kaan},
  booktitle={2022 IEEE Conference on Virtual Reality and 3D User Interfaces (VR)},
  year={2022},
  organization={IEEE}
}

@ARTICLE{10.3389/frvir.2021.763340,
AUTHOR={Orlosky, Jason and Sra, Misha and Bektaş, Kenan and Peng, Huaishu and Kim, Jeeeun and Kos’myna, Nataliya and Höllerer, Tobias and Steed, Anthony and Kiyokawa, Kiyoshi and Akşit, Kaan},   
TITLE={Telelife: The Future of Remote Living},      
JOURNAL={Frontiers in Virtual Reality},      
VOLUME={2},      
YEAR={2021},      
URL={https://www.frontiersin.org/article/10.3389/frvir.2021.763340},       
DOI={10.3389/frvir.2021.763340},      
ISSN={2673-4192},
}
